@book{he2016,
  author    = {贺威俊 and 高仕斌},
  title     = {轨道交通牵引供变电技术},
  publisher = {西南交通大学出版社},
  year      = {2016},
  address   = {成都}
}

@book{han2005,
  author    = {韩祯祥},
  title     = {电力系统分析},
  publisher = {浙江大学出版社},
  year      = {2005},
  address   = {杭州}
}

@book{wu2014,
  author    = {吴广宁},
  title     = {高电压技术},
  publisher = {机械工业出版社},
  year      = {2014},
  address   = {北京}
}

@book{sun2006,
  author    = {孙旭东 and 王善铭},
  title     = {电机学},
  publisher = {清华大学出版社},
  year      = {2006},
  address   = {北京}
}

@book{yang2011,
  author    = {杨保初 and 刘晓波 and 戴玉松},
  title     = {高电压技术},
  publisher = {重庆大学出版社},
  year      = {2011},
  address   = {重庆}
}

@book{tan2009,
  author    = {谭永霞},
  title     = {电路分析},
  publisher = {西南交通大学出版社},
  year      = {2009},
  address   = {成都}
}

@book{zhang2010,
  author    = {张保会 and 尹项根},
  title     = {电力系统继电保护},
  publisher = {中国电力出版社},
  year      = {2010},
  address   = {北京}
}

@book{guo2008,
  author    = {郭世明},
  title     = {电力电子技术},
  publisher = {西南交通大学出版社},
  year      = {2008},
  address   = {成都}
}

@book{gao2013,
  author    = {高仕斌},
  title     = {轨道交通电气工程概论},
  publisher = {科学出版社},
  year      = {2013},
  address   = {北京}
}
